{"doge_usd":[{"type":"ask","price":0.118,"amount":1.31798208,"tid":202673615,"timestamp":1667145011},{"type":"ask","price":0.118,"amount":31.54955448,"tid":202673614,"timestamp":1667144954},{"type":"bid","price":0.119,"amount":1.39267428,"tid":202673613,"timestamp":1667144952},{"type":"ask","price":0.118,"amount":405.12568171,"tid":202673612,"timestamp":1667144951},{"type":"ask","price":0.118,"amount":3.53642449,"tid":202673611,"timestamp":1667144951},{"type":"ask","price":0.118,"amount":21.69299542,"tid":202673610,"timestamp":1667144951},{"type":"ask","price":0.118,"amount":5.29603194,"tid":202673609,"timestamp":1667144951},{"type":"ask","price":0.118,"amount":8.30596093,"tid":202673608,"timestamp":1667144951},{"type":"ask","price":0.118,"amount":2.8320947,"tid":202673607,"timestamp":1667144951},{"type":"ask","price":0.118,"amount":0.91438614,"tid":202673606,"timestamp":1667144941},{"type":"ask","price":0.118,"amount":0.47828814,"tid":202673605,"timestamp":1667144936},{"type":"ask","price":0.119,"amount":0.77619841,"tid":202673604,"timestamp":1667144936},{"type":"ask","price":0.119,"amount":2.05789517,"tid":202673603,"timestamp":1667144931},{"type":"ask","price":0.119,"amount":2.82524213,"tid":202673602,"timestamp":1667144919},{"type":"ask","price":0.119,"amount":1.5681826,"tid":202673601,"timestamp":1667144919},{"type":"ask","price":0.119,"amount":0.92278294,"tid":202673600,"timestamp":1667144919},{"type":"ask","price":0.119,"amount":0.90852848,"tid":202673599,"timestamp":1667144919},{"type":"ask","price":0.119,"amount":2.49889991,"tid":202673598,"timestamp":1667144918},{"type":"ask","price":0.119,"amount":3.57389126,"tid":202673597,"timestamp":1667144918},{"type":"ask","price":0.119,"amount":13.32146042,"tid":202673596,"timestamp":1667144918},{"type":"ask","price":0.119,"amount":1.34590139,"tid":202673595,"timestamp":1667144918},{"type":"ask","price":0.119,"amount":9.72388852,"tid":202673594,"timestamp":1667144890},{"type":"ask","price":0.119,"amount":2.83379453,"tid":202673593,"timestamp":1667144890},{"type":"ask","price":0.1195,"amount":440,"tid":202673592,"timestamp":1667144859},{"type":"bid","price":0.12,"amount":550.44769216,"tid":202673591,"timestamp":1667144269},{"type":"bid","price":0.12,"amount":7.82911943,"tid":202673590,"timestamp":1667144264},{"type":"ask","price":0.11951,"amount":1527.3688577,"tid":202673589,"timestamp":1667144262},{"type":"bid","price":0.12,"amount":20.79356919,"tid":202673588,"timestamp":1667144251},{"type":"bid","price":0.12,"amount":14.11969113,"tid":202673587,"timestamp":1667144232},{"type":"bid","price":0.12,"amount":227.17689304,"tid":202673586,"timestamp":1667144231},{"type":"bid","price":0.12,"amount":76.30538058,"tid":202673585,"timestamp":1667144231},{"type":"ask","price":0.12,"amount":0.87150691,"tid":202673584,"timestamp":1667144230},{"type":"ask","price":0.12,"amount":5,"tid":202673583,"timestamp":1667144230},{"type":"ask","price":0.12061621,"amount":78.01231937,"tid":202673582,"timestamp":1667144230},{"type":"ask","price":0.12061622,"amount":19.44382819,"tid":202673581,"timestamp":1667144230},{"type":"bid","price":0.12199999,"amount":19.29623876,"tid":202673580,"timestamp":1667143510},{"type":"bid","price":0.121,"amount":10.99764442,"tid":202673579,"timestamp":1667143022},{"type":"bid","price":0.121,"amount":10.99536479,"tid":202673578,"timestamp":1667143020},{"type":"ask","price":0.121,"amount":7.86083305,"tid":202673577,"timestamp":1667143020},{"type":"ask","price":0.121,"amount":2.47109462,"tid":202673576,"timestamp":1667143020},{"type":"ask","price":0.121,"amount":1.34461214,"tid":202673575,"timestamp":1667143020},{"type":"ask","price":0.121,"amount":1.02570752,"tid":202673574,"timestamp":1667143019},{"type":"ask","price":0.121,"amount":1.02570752,"tid":202673573,"timestamp":1667143019},{"type":"ask","price":0.121,"amount":1.02570752,"tid":202673572,"timestamp":1667143019},{"type":"ask","price":0.121,"amount":1.01628586,"tid":202673571,"timestamp":1667143019},{"type":"ask","price":0.121,"amount":1.02570752,"tid":202673570,"timestamp":1667143019},{"type":"ask","price":0.121,"amount":2.98333231,"tid":202673569,"timestamp":1667143019},{"type":"ask","price":0.121,"amount":5.28555603,"tid":202673568,"timestamp":1667143019},{"type":"ask","price":0.121,"amount":1.68446793,"tid":202673567,"timestamp":1667143019},{"type":"ask","price":0.121,"amount":2.04275537,"tid":202673566,"timestamp":1667143019},{"type":"ask","price":0.121,"amount":1.45466942,"tid":202673565,"timestamp":1667143019},{"type":"ask","price":0.121,"amount":1.29184702,"tid":202673564,"timestamp":1667143019},{"type":"ask","price":0.121,"amount":3.06927661,"tid":202673563,"timestamp":1667143019},{"type":"ask","price":0.121,"amount":1.44072429,"tid":202673562,"timestamp":1667143019},{"type":"ask","price":0.121,"amount":4.66273082,"tid":202673561,"timestamp":1667143018},{"type":"ask","price":0.121,"amount":1.68947865,"tid":202673560,"timestamp":1667143018},{"type":"ask","price":0.12125973,"amount":1.06116688,"tid":202673559,"timestamp":1667143018},{"type":"ask","price":0.122,"amount":2.72820139,"tid":202673558,"timestamp":1667142707},{"type":"ask","price":0.122,"amount":3.97833213,"tid":202673557,"timestamp":1667142707},{"type":"ask","price":0.122,"amount":4.45475024,"tid":202673556,"timestamp":1667142707},{"type":"ask","price":0.122,"amount":7.18198614,"tid":202673555,"timestamp":1667142707},{"type":"ask","price":0.122,"amount":1.3919927,"tid":202673554,"timestamp":1667142707},{"type":"ask","price":0.122,"amount":2.92420336,"tid":202673553,"timestamp":1667142707},{"type":"ask","price":0.122,"amount":1.08636991,"tid":202673552,"timestamp":1667142706},{"type":"ask","price":0.122,"amount":2.22396163,"tid":202673551,"timestamp":1667142706},{"type":"ask","price":0.122,"amount":3.37304426,"tid":202673550,"timestamp":1667142706},{"type":"ask","price":0.122,"amount":5.59700606,"tid":202673549,"timestamp":1667142706},{"type":"ask","price":0.122,"amount":4.15707737,"tid":202673548,"timestamp":1667142706},{"type":"ask","price":0.122,"amount":1.34982795,"tid":202673547,"timestamp":1667142706},{"type":"ask","price":0.122,"amount":1.20949532,"tid":202673546,"timestamp":1667142706},{"type":"ask","price":0.12211005,"amount":435.62525512,"tid":202673545,"timestamp":1667142699},{"type":"ask","price":0.12227273,"amount":12.96774571,"tid":202673544,"timestamp":1667142699},{"type":"ask","price":0.123,"amount":7.97916154,"tid":202673543,"timestamp":1667142666},{"type":"ask","price":0.123,"amount":1.94915341,"tid":202673542,"timestamp":1667142666},{"type":"ask","price":0.123,"amount":4.44438455,"tid":202673541,"timestamp":1667142666},{"type":"ask","price":0.123,"amount":3.64881447,"tid":202673540,"timestamp":1667142666},{"type":"ask","price":0.123,"amount":0.86961528,"tid":202673539,"timestamp":1667142666},{"type":"ask","price":0.123,"amount":3.76573414,"tid":202673538,"timestamp":1667142666},{"type":"ask","price":0.123,"amount":3.64399024,"tid":202673537,"timestamp":1667142666},{"type":"ask","price":0.123,"amount":5.24732609,"tid":202673536,"timestamp":1667142666},{"type":"ask","price":0.123,"amount":8.60219642,"tid":202673535,"timestamp":1667142666},{"type":"ask","price":0.123,"amount":1.68378528,"tid":202673534,"timestamp":1667142666},{"type":"ask","price":0.123011,"amount":1,"tid":202673533,"timestamp":1667142666},{"type":"ask","price":0.12301101,"amount":57.90474655,"tid":202673532,"timestamp":1667142666},{"type":"ask","price":0.12500001,"amount":30,"tid":202673531,"timestamp":1667141290},{"type":"ask","price":0.12563,"amount":96.17212422,"tid":202673530,"timestamp":1667140681},{"type":"bid","price":0.12563,"amount":3052.57897398,"tid":202673529,"timestamp":1667140679},{"type":"bid","price":0.12563,"amount":2661.49216085,"tid":202673528,"timestamp":1667140672},{"type":"bid","price":0.12563,"amount":3930.31133006,"tid":202673527,"timestamp":1667140658},{"type":"bid","price":0.12562999,"amount":86.89095124,"tid":202673526,"timestamp":1667140657},{"type":"bid","price":0.1256,"amount":2672.7977187,"tid":202673525,"timestamp":1667140657},{"type":"bid","price":0.12400101,"amount":441.84292943,"tid":202673524,"timestamp":1667139970},{"type":"bid","price":0.12400101,"amount":29.52,"tid":202673523,"timestamp":1667139966},{"type":"ask","price":0.12400101,"amount":36,"tid":202673522,"timestamp":1667139959},{"type":"bid","price":0.124,"amount":7.94653626,"tid":202673521,"timestamp":1667139723},{"type":"bid","price":0.124,"amount":1.94118373,"tid":202673520,"timestamp":1667139723},{"type":"bid","price":0.124,"amount":4.42621227,"tid":202673519,"timestamp":1667139723},{"type":"bid","price":0.124,"amount":3.63389512,"tid":202673518,"timestamp":1667139723},{"type":"bid","price":0.124,"amount":0.86605967,"tid":202673517,"timestamp":1667139723},{"type":"bid","price":0.124,"amount":3.75033682,"tid":202673516,"timestamp":1667139723},{"type":"bid","price":0.124,"amount":3.62909065,"tid":202673515,"timestamp":1667139723},{"type":"bid","price":0.124,"amount":5.22587073,"tid":202673514,"timestamp":1667139723},{"type":"bid","price":0.124,"amount":8.56702359,"tid":202673513,"timestamp":1667139723},{"type":"bid","price":0.124,"amount":1.67690071,"tid":202673512,"timestamp":1667139661},{"type":"bid","price":0.123,"amount":3.96826612,"tid":202673511,"timestamp":1667139293},{"type":"bid","price":0.123,"amount":3.96826609,"tid":202673510,"timestamp":1667139292},{"type":"bid","price":0.123,"amount":2.51146681,"tid":202673509,"timestamp":1667139289},{"type":"bid","price":0.123,"amount":5.02293372,"tid":202673508,"timestamp":1667139284},{"type":"bid","price":0.123,"amount":4.99074594,"tid":202673507,"timestamp":1667139283},{"type":"bid","price":0.123,"amount":4.99074593,"tid":202673506,"timestamp":1667139282},{"type":"ask","price":0.123,"amount":7.94653626,"tid":202673505,"timestamp":1667139280},{"type":"ask","price":0.123,"amount":1.94118373,"tid":202673504,"timestamp":1667139280},{"type":"ask","price":0.123,"amount":4.42621227,"tid":202673503,"timestamp":1667139280},{"type":"ask","price":0.123,"amount":3.63389512,"tid":202673502,"timestamp":1667139280},{"type":"ask","price":0.123,"amount":0.86605967,"tid":202673501,"timestamp":1667139280},{"type":"ask","price":0.123,"amount":3.75033682,"tid":202673500,"timestamp":1667139280},{"type":"ask","price":0.123,"amount":3.62909065,"tid":202673499,"timestamp":1667139280},{"type":"ask","price":0.123,"amount":5.22587073,"tid":202673498,"timestamp":1667139280},{"type":"ask","price":0.123,"amount":10.2439243,"tid":202673497,"timestamp":1667139280},{"type":"bid","price":0.124,"amount":7.9140443,"tid":202673496,"timestamp":1667138642},{"type":"bid","price":0.124,"amount":1.93324666,"tid":202673495,"timestamp":1667138642},{"type":"bid","price":0.124,"amount":4.4081143,"tid":202673494,"timestamp":1667138642},{"type":"bid","price":0.124,"amount":3.61903682,"tid":202673493,"timestamp":1667138642},{"type":"bid","price":0.124,"amount":0.86251861,"tid":202673492,"timestamp":1667138641},{"type":"bid","price":0.124,"amount":3.73500243,"tid":202673491,"timestamp":1667138641},{"type":"bid","price":0.124,"amount":3.61425195,"tid":202673490,"timestamp":1667138641},{"type":"bid","price":0.124,"amount":5.20450308,"tid":202673489,"timestamp":1667138641},{"type":"bid","price":0.124,"amount":10.20203878,"tid":202673488,"timestamp":1667138641},{"type":"bid","price":0.12379,"amount":608.28955765,"tid":202673487,"timestamp":1667138522},{"type":"bid","price":0.123,"amount":153.97438525,"tid":202673486,"timestamp":1667138406},{"type":"bid","price":0.12299,"amount":11.59446329,"tid":202673485,"timestamp":1667138401},{"type":"bid","price":0.12299,"amount":11.58736247,"tid":202673484,"timestamp":1667138396},{"type":"bid","price":0.12299,"amount":11.65287775,"tid":202673483,"timestamp":1667138388},{"type":"bid","price":0.12299,"amount":11.28189244,"tid":202673482,"timestamp":1667138383},{"type":"bid","price":0.12299,"amount":15.62878644,"tid":202673481,"timestamp":1667138383},{"type":"bid","price":0.12299,"amount":11.69220237,"tid":202673480,"timestamp":1667138379},{"type":"bid","price":0.123,"amount":13.53524119,"tid":202673479,"timestamp":1667138378},{"type":"bid","price":0.123,"amount":10.81252138,"tid":202673478,"timestamp":1667138375},{"type":"ask","price":0.123,"amount":7.9140443,"tid":202673477,"timestamp":1667138375},{"type":"ask","price":0.123,"amount":1.93324666,"tid":202673476,"timestamp":1667138375},{"type":"ask","price":0.123,"amount":4.4081143,"tid":202673475,"timestamp":1667138375},{"type":"ask","price":0.123,"amount":3.61903682,"tid":202673474,"timestamp":1667138375},{"type":"ask","price":0.123,"amount":0.86251861,"tid":202673473,"timestamp":1667138375},{"type":"ask","price":0.123,"amount":3.73500243,"tid":202673472,"timestamp":1667138375},{"type":"ask","price":0.123,"amount":3.61425195,"tid":202673471,"timestamp":1667138375},{"type":"ask","price":0.123,"amount":5.20450308,"tid":202673470,"timestamp":1667138375},{"type":"ask","price":0.123,"amount":10.20203878,"tid":202673468,"timestamp":1667138375},{"type":"bid","price":0.1238,"amount":16.13033309,"tid":202673467,"timestamp":1667138239},{"type":"bid","price":0.124,"amount":7.88168525,"tid":202673466,"timestamp":1667137863},{"type":"bid","price":0.124,"amount":1.92534198,"tid":202673465,"timestamp":1667137850}]}